<collection xmlns="http://www.loc.gov/MARC21/slim"><record><leader>00809nam  2200229   450</leader><controlfield tag="001">903</controlfield><controlfield tag="003">http://montalegre.opacnet.com/OPAC/default.aspx?ContentAreaControl=ShowRegHoldings.ascx&amp;RegNo=16662</controlfield><controlfield tag="005">20</controlfield><datafield tag="100" ind1=" " ind2=" "><subfield code="a">19840101d1983    m  y0pory010305  ba</subfield></datafield><datafield tag="101" ind1="1" ind2=" "><subfield code="a">por</subfield><subfield code="b">eng</subfield></datafield><datafield tag="102" ind1=" " ind2=" "><subfield code="a">PT</subfield></datafield><datafield tag="200" ind1="1" ind2=" "><subfield code="a">&lt;O &gt;marinheiro que perdeu as graças do mar</subfield><subfield code="f">Yukio Mishima</subfield><subfield code="g">trad. Carlos Leite</subfield></datafield><datafield tag="210" ind1=" " ind2=" "><subfield code="a">Lisboa</subfield><subfield code="c">Assírio &amp; Alvim</subfield><subfield code="d">1983</subfield></datafield><datafield tag="215" ind1=" " ind2=" "><subfield code="a">163, [4] p.</subfield><subfield code="d">21 cm</subfield></datafield><datafield tag="225" ind1="2" ind2=" "><subfield code="a">&lt;O &gt;imaginário</subfield><subfield code="v">5</subfield></datafield><datafield tag="304" ind1=" " ind2=" "><subfield code="a">Tít. orig.: Gogo no-eiko</subfield></datafield><datafield tag="304" ind1=" " ind2=" "><subfield code="a">Tít. inglês : The sailor who feil from grace with the sea</subfield></datafield><datafield tag="675" ind1=" " ind2=" "><subfield code="a">895.6-31 Mishima, Y.</subfield><subfield code="v">med</subfield><subfield code="z">por</subfield></datafield><datafield tag="700" ind1=" " ind2="1"><subfield code="a">Mishima</subfield><subfield code="b">Yukio</subfield><subfield code="c">pseud.</subfield></datafield><datafield tag="702" ind1=" " ind2="1"><subfield code="a">Leite</subfield><subfield code="b">Carlos</subfield><subfield code="4">730</subfield></datafield><datafield tag="801" ind1=" " ind2="0"><subfield code="a">PT</subfield><subfield code="b">Biblioteca Municipal de Montalegre</subfield><subfield code="g">RPC</subfield></datafield><datafield tag="856" ind1=" " ind2=" "><subfield code="u">locateMedia.asp?cod=20060629105929&amp;ext=jpg</subfield><subfield code="z">CAPA</subfield></datafield><datafield tag="909" ind1="&#9;" ind2=" "><subfield code="a">1</subfield></datafield><datafield tag="966" ind1=" " ind2=" "><subfield code="a">0009105</subfield><subfield code="l">BMM</subfield><subfield code="s">SCG 821 MIS mar</subfield></datafield></record></collection>